@article{Saito,
  title={The precision-recall plot is more informative than the ROC plot when evaluating binary classifiers on imbalanced datasets.},
  author={Saito T, Rehmsmeier M.},
  year={2015}
}